<collection>
  <record>
    <controlfield tag="001">300</controlfield>
    <datafield tag="245" ind1="" ind2="">
      <subfield code="a">Higgs candidate events for use in education and outreach</subfield>
    </datafield>
    <datafield tag="260" ind1=" " ind2=" ">
      <subfield code="b">CERN Open Data Portal</subfield>
      <subfield code="c">2014</subfield>
    </datafield>
    <datafield tag="100" ind1="" ind2="">
      <subfield code="a">McCauley, Thomas</subfield>
    </datafield>
    <datafield tag="520" ind1="" ind2="">
      <subfield code="a">This document contains Higgs candidate events (with an invariant mass between 120-130 GeV) that have been released by CMS for use in education and outreach: 10 gamma-gamma events, one 2e2mu event, one 4mu event, and one 4e event.</subfield>
    </datafield>
    <datafield tag="540" ind1=" " ind2=" ">
      <subfield code="a">CC0</subfield>
    </datafield>
    <datafield tag="567" ind1="" ind2="">
      <subfield code="a">These events were selected by the CMS Higgs Physics Analysis Group</subfield>
    </datafield> 
    <datafield tag="583" ind1="" ind2="">
      <subfield code="a">These events were validated by the CMS Higgs Physics Analysis Group</subfield>
    </datafield>
    <datafield tag="556" ind1="" ind2="">
      <subfield code="a">These data were selected for use in education and outreach and contain a subset of the total event information. They are not suitable for a full physics analysis.</subfield>
    </datafield>
    <datafield tag="693" ind1=" " ind2=" ">
      <subfield code="a">CERN-LHC</subfield>
      <subfield code="e">CMS</subfield>
    </datafield>
    <datafield tag="980" ind1=" " ind2=" ">
      <subfield code="a">CMS-Derived-Datasets</subfield>
    </datafield>
    <datafield tag="FFT" ind1="" ind2="">
      <subfield code="a">/tmp/opendata.cern.ch-fft-file-cache/cms-docdb-files/4lepton.csv</subfield>
      <subfield code="n">4lepton</subfield>
    </datafield>
    <datafield tag="FFT" ind1="" ind2="">
      <subfield code="a">/tmp/opendata.cern.ch-fft-file-cache/cms-docdb-files/4lepton.ig</subfield>
      <subfield code="n">4lepton</subfield>
    </datafield>
    <datafield tag="FFT" ind1="" ind2="">
      <subfield code="a">/tmp/opendata.cern.ch-fft-file-cache/cms-docdb-files/4lepton.json</subfield>
      <subfield code="n">4lepton</subfield>
    </datafield>
    <datafield tag="FFT" ind1="" ind2="">
      <subfield code="a">/tmp/opendata.cern.ch-fft-file-cache/cms-docdb-files/diphoton.csv</subfield>
      <subfield code="n">diphoton</subfield>
    </datafield>
    <datafield tag="FFT" ind1="" ind2="">
      <subfield code="a">/tmp/opendata.cern.ch-fft-file-cache/cms-docdb-files/diphoton.ig</subfield>
      <subfield code="n">diphoton</subfield>
    </datafield>
    <datafield tag="FFT" ind1="" ind2="">
      <subfield code="a">/tmp/opendata.cern.ch-fft-file-cache/cms-docdb-files/diphoton.json</subfield>
      <subfield code="n">diphoton</subfield>
    </datafield>
  </record>