
  <record>
    <controlfield tag="001">305</controlfield>
    <datafield tag="245" ind1="" ind2="">
      <subfield code="a">Dielectron events with invariant mass range 8-12 GeV for public education and outreach</subfield>
    </datafield>
    <datafield tag="260" ind1=" " ind2=" ">
      <subfield code="b">CERN Open Data Portal</subfield>
      <subfield code="c">2014</subfield>
    </datafield>
    <datafield tag="100" ind1="" ind2="">
      <subfield code="a">McCauley, Thomas</subfield>
    </datafield>
    <datafield tag="520" ind1="" ind2="">
      <subfield code="a">The collaboration approved the release of 2000 dielectron events around the Upsilon for use in education and outreach. This document contains the necessary files for these use-cases.</subfield>
    </datafield>
    <datafield tag="540" ind1=" " ind2=" ">
      <subfield code="a">CC0</subfield>
    </datafield>
    <datafield tag="556" ind1="" ind2="">
      <subfield code="a">These data were selected for use in education and outreach and contain a subset of the total event information. The selection criteria may be different from that used in CMS physics results. They are not suitable for a full physics analysis.</subfield>
    </datafield>
    <datafield tag="567" ind1=" " ind2=" ">
      <subfield code="a">The events in this derived dataset were selected because of the presence of two electrons with invariant mass between 8-12 GeV.</subfield>
    </datafield>
    <datafield tag="693" ind1=" " ind2=" ">
      <subfield code="a">CERN-LHC</subfield>
      <subfield code="e">CMS</subfield>
    </datafield>
    <datafield tag="980" ind1=" " ind2=" ">
      <subfield code="a">CMS-Derived-Datasets</subfield>
    </datafield>
    <datafield tag="FFT" ind1="" ind2="">
      <subfield code="a">/tmp/opendata.cern.ch-fft-file-cache/cms-docdb-files/dielectron-Upsilon_0.ig</subfield>
      <subfield code="n">dielectron-Upsilon_0</subfield>
    </datafield>
    <datafield tag="FFT" ind1="" ind2="">
      <subfield code="a">/tmp/opendata.cern.ch-fft-file-cache/cms-docdb-files/dielectron-Upsilon_17.ig</subfield>
      <subfield code="n">dielectron-Upsilon_17</subfield>
    </datafield>
    <datafield tag="FFT" ind1="" ind2="">
      <subfield code="a">/tmp/opendata.cern.ch-fft-file-cache/cms-docdb-files/dielectron-Upsilon_18.ig</subfield>
      <subfield code="n">dielectron-Upsilon_18</subfield>
    </datafield>
    <datafield tag="FFT" ind1="" ind2="">
      <subfield code="a">/tmp/opendata.cern.ch-fft-file-cache/cms-docdb-files/dielectron-Upsilon_19.ig</subfield>
      <subfield code="n">dielectron-Upsilon_19</subfield>
    </datafield>
    <datafield tag="FFT" ind1="" ind2="">
      <subfield code="a">/tmp/opendata.cern.ch-fft-file-cache/cms-docdb-files/dielectron-Upsilon_2.ig</subfield>
      <subfield code="n">dielectron-Upsilon_2</subfield>
    </datafield>
    <datafield tag="FFT" ind1="" ind2="">
      <subfield code="a">/tmp/opendata.cern.ch-fft-file-cache/cms-docdb-files/dielectron-Upsilon_3.ig</subfield>
      <subfield code="n">dielectron-Upsilon_3</subfield>
    </datafield>
    <datafield tag="FFT" ind1="" ind2="">
      <subfield code="a">/tmp/opendata.cern.ch-fft-file-cache/cms-docdb-files/dielectron-Upsilon_4.ig</subfield>
      <subfield code="n">dielectron-Upsilon_4</subfield>
    </datafield>
    <datafield tag="FFT" ind1="" ind2="">
      <subfield code="a">/tmp/opendata.cern.ch-fft-file-cache/cms-docdb-files/dielectron-Upsilon_5.ig</subfield>
      <subfield code="n">dielectron-Upsilon_5</subfield>
    </datafield>
    <datafield tag="FFT" ind1="" ind2="">
      <subfield code="a">/tmp/opendata.cern.ch-fft-file-cache/cms-docdb-files/dielectron-Upsilon_6.ig</subfield>
      <subfield code="n">dielectron-Upsilon_6</subfield>
    </datafield>
    <datafield tag="FFT" ind1="" ind2="">
      <subfield code="a">/tmp/opendata.cern.ch-fft-file-cache/cms-docdb-files/dielectron-Upsilon_7.ig</subfield>
      <subfield code="n">dielectron-Upsilon_7</subfield>
    </datafield>
    <datafield tag="FFT" ind1="" ind2="">
      <subfield code="a">/tmp/opendata.cern.ch-fft-file-cache/cms-docdb-files/dielectron-Upsilon_8.ig</subfield>
      <subfield code="n">dielectron-Upsilon_8</subfield>
    </datafield>
    <datafield tag="FFT" ind1="" ind2="">
      <subfield code="a">/tmp/opendata.cern.ch-fft-file-cache/cms-docdb-files/dielectron-Upsilon_1.ig</subfield>
      <subfield code="n">dielectron-Upsilon_1</subfield>
    </datafield>
    <datafield tag="FFT" ind1="" ind2="">
      <subfield code="a">/tmp/opendata.cern.ch-fft-file-cache/cms-docdb-files/dielectron-Upsilon_9.ig</subfield>
      <subfield code="n">dielectron-Upsilon_9</subfield>
    </datafield>
    <datafield tag="FFT" ind1="" ind2="">
      <subfield code="a">/tmp/opendata.cern.ch-fft-file-cache/cms-docdb-files/dielectron-Upsilon_10.ig</subfield>
      <subfield code="n">dielectron-Upsilon_10</subfield>
    </datafield>
    <datafield tag="FFT" ind1="" ind2="">
      <subfield code="a">/tmp/opendata.cern.ch-fft-file-cache/cms-docdb-files/dielectron-Upsilon_11.ig</subfield>
      <subfield code="n">dielectron-Upsilon_11</subfield>
    </datafield>
    <datafield tag="FFT" ind1="" ind2="">
      <subfield code="a">/tmp/opendata.cern.ch-fft-file-cache/cms-docdb-files/dielectron-Upsilon_12.ig</subfield>
      <subfield code="n">dielectron-Upsilon_12</subfield>
    </datafield>
    <datafield tag="FFT" ind1="" ind2="">
      <subfield code="a">/tmp/opendata.cern.ch-fft-file-cache/cms-docdb-files/dielectron-Upsilon_13.ig</subfield>
      <subfield code="n">dielectron-Upsilon_13</subfield>
    </datafield>
    <datafield tag="FFT" ind1="" ind2="">
      <subfield code="a">/tmp/opendata.cern.ch-fft-file-cache/cms-docdb-files/dielectron-Upsilon_14.ig</subfield>
      <subfield code="n">dielectron-Upsilon_14</subfield>
    </datafield>
    <datafield tag="FFT" ind1="" ind2="">
      <subfield code="a">/tmp/opendata.cern.ch-fft-file-cache/cms-docdb-files/dielectron-Upsilon_15.ig</subfield>
      <subfield code="n">dielectron-Upsilon_15</subfield>
    </datafield>
    <datafield tag="FFT" ind1="" ind2="">
      <subfield code="a">/tmp/opendata.cern.ch-fft-file-cache/cms-docdb-files/dielectron-Upsilon_16.ig</subfield>
      <subfield code="n">dielectron-Upsilon_16</subfield>
    </datafield>
    <datafield tag="FFT" ind1="" ind2="">
      <subfield code="a">/tmp/opendata.cern.ch-fft-file-cache/cms-docdb-files/dielectron-Upsilon.csv</subfield>
      <subfield code="n">dielectron-Upsilon</subfield>
    </datafield>
    <datafield tag="FFT" ind1="" ind2="">
      <subfield code="a">/tmp/opendata.cern.ch-fft-file-cache/cms-docdb-files/dielectron-Upsilon.json</subfield>
      <subfield code="n">dielectron-Upsilon</subfield>
    </datafield>
  </record>