
  <record>
    <controlfield tag="001">308</controlfield>
    <datafield tag="245" ind1="" ind2="">
      <subfield code="a">W to enu events approved for educational use</subfield>
    </datafield>
    <datafield tag="260" ind1=" " ind2=" ">
      <subfield code="b">CERN Open Data Portal</subfield>
      <subfield code="c">2014</subfield>
    </datafield>
    <datafield tag="100" ind1="" ind2="">
      <subfield code="a">McCauley, Thomas</subfield>
    </datafield>
    <datafield tag="520" ind1="" ind2="">
      <subfield code="a">In April 2011 the CMS CB approved 1000 W to enu events be made available for educational use. Included here are the data files and summary files.</subfield>
    </datafield>
    <datafield tag="540" ind1=" " ind2=" ">
      <subfield code="a">CC0</subfield>
    </datafield>
    <datafield tag="556" ind1="" ind2="">
      <subfield code="a">These data were selected for use in education and outreach and contain a subset of the total event information. The selection criteria may be different from that used in CMS physics results. They are not suitable for a full physics analysis.</subfield>
    </datafield>
    <datafield tag="567" ind1=" " ind2=" ">
      <subfield code="a">These events were selected because of the presence of an electron with high transverse momentum and significant missing transverse energy.</subfield>
    </datafield>
    <datafield tag="693" ind1=" " ind2=" ">
      <subfield code="a">CERN-LHC</subfield>
      <subfield code="e">CMS</subfield>
    </datafield>
    <datafield tag="980" ind1=" " ind2=" ">
      <subfield code="a">CMS-Derived-Datasets</subfield>
    </datafield>
    <datafield tag="FFT" ind1="" ind2="">
      <subfield code="a">/tmp/opendata.cern.ch-fft-file-cache/cms-docdb-files/Wenu.csv</subfield>
      <subfield code="n">Wenu</subfield>
    </datafield>
    <datafield tag="FFT" ind1="" ind2="">
      <subfield code="a">/tmp/opendata.cern.ch-fft-file-cache/cms-docdb-files/Wenu_7.ig</subfield>
      <subfield code="n">Wenu_7</subfield>
    </datafield>
    <datafield tag="FFT" ind1="" ind2="">
      <subfield code="a">/tmp/opendata.cern.ch-fft-file-cache/cms-docdb-files/Wenu_8.ig</subfield>
      <subfield code="n">Wenu_8</subfield>
    </datafield>
    <datafield tag="FFT" ind1="" ind2="">
      <subfield code="a">/tmp/opendata.cern.ch-fft-file-cache/cms-docdb-files/Wenu_9.ig</subfield>
      <subfield code="n">Wenu_9</subfield>
    </datafield>
    <datafield tag="FFT" ind1="" ind2="">
      <subfield code="a">/tmp/opendata.cern.ch-fft-file-cache/cms-docdb-files/Wenu.json</subfield>
      <subfield code="n">Wenu</subfield>
    </datafield>
    <datafield tag="FFT" ind1="" ind2="">
      <subfield code="a">/tmp/opendata.cern.ch-fft-file-cache/cms-docdb-files/Wenu_0.ig</subfield>
      <subfield code="n">Wenu_0</subfield>
    </datafield>
    <datafield tag="FFT" ind1="" ind2="">
      <subfield code="a">/tmp/opendata.cern.ch-fft-file-cache/cms-docdb-files/Wenu_1.ig</subfield>
      <subfield code="n">Wenu_1</subfield>
    </datafield>
    <datafield tag="FFT" ind1="" ind2="">
      <subfield code="a">/tmp/opendata.cern.ch-fft-file-cache/cms-docdb-files/Wenu_2.ig</subfield>
      <subfield code="n">Wenu_2</subfield>
    </datafield>
    <datafield tag="FFT" ind1="" ind2="">
      <subfield code="a">/tmp/opendata.cern.ch-fft-file-cache/cms-docdb-files/Wenu_3.ig</subfield>
      <subfield code="n">Wenu_3</subfield>
    </datafield>
    <datafield tag="FFT" ind1="" ind2="">
      <subfield code="a">/tmp/opendata.cern.ch-fft-file-cache/cms-docdb-files/Wenu_4.ig</subfield>
      <subfield code="n">Wenu_4</subfield>
    </datafield>
    <datafield tag="FFT" ind1="" ind2="">
      <subfield code="a">/tmp/opendata.cern.ch-fft-file-cache/cms-docdb-files/Wenu_5.ig</subfield>
      <subfield code="n">Wenu_5</subfield>
    </datafield>
    <datafield tag="FFT" ind1="" ind2="">
      <subfield code="a">/tmp/opendata.cern.ch-fft-file-cache/cms-docdb-files/Wenu_6.ig</subfield>
      <subfield code="n">Wenu_6</subfield>
    </datafield>
  </record>