
  <record>
    <controlfield tag="001">309</controlfield>
    <datafield tag="245" ind1="" ind2="">
      <subfield code="a">W to munu events approved for educational use</subfield>
    </datafield>
    <datafield tag="260" ind1=" " ind2=" ">
      <subfield code="b">CERN Open Data Portal</subfield>
      <subfield code="c">2014</subfield>
    </datafield>
    <datafield tag="100" ind1="" ind2="">
      <subfield code="a">McCauley, Thomas</subfield>
    </datafield>
    <datafield tag="520" ind1="" ind2="">
      <subfield code="a">In April 2011 the CMS CB approved 1000 W to munu events be made available for educational use. Included here are the data files and summary files.</subfield>
    </datafield>
    <datafield tag="540" ind1=" " ind2=" ">
      <subfield code="a">CC0</subfield>
    </datafield>
    <datafield tag="556" ind1="" ind2="">
      <subfield code="a">These data were selected for use in education and outreach and contain a subset of the total event information. The selection criteria may be different from that used in CMS physics results. They are not suitable for a full physics analysis.</subfield>
    </datafield>
    <datafield tag="567" ind1=" " ind2=" ">
      <subfield code="a">These events were selected because of the presence of a muon with high transverse momentum and significant missing transverse energy.</subfield>
    </datafield>
    <datafield tag="693" ind1=" " ind2=" ">
      <subfield code="a">CERN-LHC</subfield>
      <subfield code="e">CMS</subfield>
    </datafield>
    <datafield tag="980" ind1=" " ind2=" ">
      <subfield code="a">CMS-Derived-Datasets</subfield>
    </datafield>
    <datafield tag="FFT" ind1="" ind2="">
      <subfield code="a">/tmp/opendata.cern.ch-fft-file-cache/cms-docdb-files/Wmunu.csv</subfield>
      <subfield code="n">Wmunu</subfield>
    </datafield>
    <datafield tag="FFT" ind1="" ind2="">
      <subfield code="a">/tmp/opendata.cern.ch-fft-file-cache/cms-docdb-files/Wmunu_7.ig</subfield>
      <subfield code="n">Wmunu_7</subfield>
    </datafield>
    <datafield tag="FFT" ind1="" ind2="">
      <subfield code="a">/tmp/opendata.cern.ch-fft-file-cache/cms-docdb-files/Wmunu_8.ig</subfield>
      <subfield code="n">Wmunu_8</subfield>
    </datafield>
    <datafield tag="FFT" ind1="" ind2="">
      <subfield code="a">/tmp/opendata.cern.ch-fft-file-cache/cms-docdb-files/Wmunu_9.ig</subfield>
      <subfield code="n">Wmunu_9</subfield>
    </datafield>
    <datafield tag="FFT" ind1="" ind2="">
      <subfield code="a">/tmp/opendata.cern.ch-fft-file-cache/cms-docdb-files/Wmunu.json</subfield>
      <subfield code="n">Wmunu</subfield>
    </datafield>
    <datafield tag="FFT" ind1="" ind2="">
      <subfield code="a">/tmp/opendata.cern.ch-fft-file-cache/cms-docdb-files/Wmunu_0.ig</subfield>
      <subfield code="n">Wmunu_0</subfield>
    </datafield>
    <datafield tag="FFT" ind1="" ind2="">
      <subfield code="a">/tmp/opendata.cern.ch-fft-file-cache/cms-docdb-files/Wmunu_1.ig</subfield>
      <subfield code="n">Wmunu_1</subfield>
    </datafield>
    <datafield tag="FFT" ind1="" ind2="">
      <subfield code="a">/tmp/opendata.cern.ch-fft-file-cache/cms-docdb-files/Wmunu_2.ig</subfield>
      <subfield code="n">Wmunu_2</subfield>
    </datafield>
    <datafield tag="FFT" ind1="" ind2="">
      <subfield code="a">/tmp/opendata.cern.ch-fft-file-cache/cms-docdb-files/Wmunu_3.ig</subfield>
      <subfield code="n">Wmunu_3</subfield>
    </datafield>
    <datafield tag="FFT" ind1="" ind2="">
      <subfield code="a">/tmp/opendata.cern.ch-fft-file-cache/cms-docdb-files/Wmunu_4.ig</subfield>
      <subfield code="n">Wmunu_4</subfield>
    </datafield>
    <datafield tag="FFT" ind1="" ind2="">
      <subfield code="a">/tmp/opendata.cern.ch-fft-file-cache/cms-docdb-files/Wmunu_5.ig</subfield>
      <subfield code="n">Wmunu_5</subfield>
    </datafield>
    <datafield tag="FFT" ind1="" ind2="">
      <subfield code="a">/tmp/opendata.cern.ch-fft-file-cache/cms-docdb-files/Wmunu_6.ig</subfield>
      <subfield code="n">Wmunu_6</subfield>
    </datafield>
  </record>
</collection>
